% Referenced a lot in the paper as it is heavily invested in the DiCoT methodology.
% Partially read
@inproceedings{blandford2005dicot,
  title={DiCoT: a methodology for applying distributed cognition to the design of teamworking systems},
  author={Blandford, Ann and Furniss, Dominic},
  booktitle={International workshop on design, specification, and verification of interactive systems},
  pages={26--38},
  year={2005},
  organization={Springer}
}
% The paper being reviewed. Read completely.
@inproceedings{buchan2020applying,
  title={Applying Distributed Cognition Theory to Agile Requirements Engineering},
  author={Buchan, Jim and Zowghi, Didar and Bano, Muneera},
  booktitle={International Working Conference on Requirements Engineering: Foundation for Software Quality},
  year={2020},
  organization={Springer}
}
% Not planning on using, but wanted to reference the original work for completeness.
@article{hutchins2000distributed,
  title={Distributed cognition},
  author={Hutchins, Edwin},
  journal={International Encyclopedia of the Social and Behavioral Sciences. Elsevier Science},
  volume={138},
  year={2000}
}
